%% ----------------------------------------------------------------------
%%    Examples of common entries
%% ----------------------------------------------------------------------
@article{arulampalam2002tutorial,
  title={A tutorial on particle filters for online nonlinear/non-Gaussian Bayesian tracking},
  author={Arulampalam, M Sanjeev and Maskell, Simon and Gordon, Neil and Clapp, Tim},
  journal={IEEE Transactions on signal processing},
  volume={50},
  number={2},
  pages={174--188},
  year={2002},
  publisher={Ieee}
}
@online{ceicwebsite,
    author = "INTERNATIONAL ORGANIZATION OF MOTOR VEHICLE MANUFACTURERS",
    title = "Netherlands Registered Motor Vehicles",
    url  = "https://www.ceicdata.com/en/indicator/netherlands/motor-vehicle-registered",
    year = "2021",
    keywords = "Netherlands Registered Motor Vehicles"
}
@techreport{panayotis2012roadcongestion,
  title={Measuring road congestion},
  author={Panayotis Christidis and Juan Nicolás Ibáñez Rivas},
  year={2012}
}
@article{gazis1964optimum,
  title={Optimum control of a system of oversaturated intersections},
  author={Gazis, Denos C},
  journal={Operations Research},
  volume={12},
  number={6},
  pages={815--831},
  year={1964},
  publisher={INFORMS}
}
@article{cheng2016review,
  title={Review on theoretical delay estimation model for signalized intersections},
  author={Cheng, Cheng and Du, Yuchuan and Sun, Lijun and Ji, Yuxiong},
  journal={Transport Reviews},
  volume={36},
  number={4},
  pages={479--499},
  year={2016},
  publisher={Taylor \& Francis}
}
@article{yang2024extended,
  title={An extended queueing model for vehicles at signalized intersections considering the platoon correlated arrivals},
  author={Yang, Qiaoli and Fu, Xue},
  journal={Physica A: Statistical Mechanics and its Applications},
  volume={635},
  pages={129483},
  year={2024},
  publisher={Elsevier}
}


@article{example-article,
    author = {I. Surname and I. Surname and I. Surname},
    title = {The Title of the Article},
    journal = {The Title of the Journal},
    volume = {1},
    number = {2},
    pages = {123-456},
    year = {2000},
    note = {}
}

@book{example-book,
    author = {I. Surname and I. Surname and I. Surname},
    title = {The Title of the Book},
    publisher = {Publisher},
    year = {2000},
    edition = {8th ed.},
    address = {City, State or Country},
    note = {}
}

@online{example-website,
    author = {{Website Name} <OR> I. Surname and I. Surname and I. Surname},
    title = {Title of the Website},
    url = {https://example.com},
    urldate = {2020-12-24},
    year = {2000}
}

%% ----------------------------------------------------------------------
%%    Start of bibliography
%% ----------------------------------------------------------------------
@article{hu2022high,
  title={High time-resolution queue profile estimation at signalized intersections based on extended Kalman filtering},
  author={Hu, Simon and Zhou, Qishen and Li, Junyi and Wang, Yibing and Roncoli, Claudio and Zhang, Lihui and Lehe, Lewis},
  journal={IEEE Transactions on Intelligent Transportation Systems},
  volume={23},
  number={11},
  pages={21274--21290},
  year={2022},
  publisher={IEEE}
}
@article{anusha2022dynamical,
  title={Dynamical systems approach for queue and delay estimation at signalized intersections under mixed traffic conditions},
  author={Anusha, SP and Vanajakshi, Lelitha and Subramanian, Shankar C},
  journal={Transportation letters},
  volume={14},
  number={6},
  pages={578--590},
  year={2022},
  publisher={Taylor \& Francis}
}
@article{yin2018kalman,
  title={A Kalman filter-based queue length estimation method with low-penetration mobile sensor data at signalized intersections},
  author={Yin, Juyuan and Sun, Jian and Tang, Keshuang},
  journal={Transportation Research Record},
  volume={2672},
  number={45},
  pages={253--264},
  year={2018},
  publisher={SAGE Publications Sage CA: Los Angeles, CA}
}
@article{gao2019connected,
  title={Connected vehicle as a mobile sensor for real time queue length at signalized intersections},
  author={Gao, Kai and Han, Farong and Dong, Pingping and Xiong, Naixue and Du, Ronghua},
  journal={Sensors},
  volume={19},
  number={9},
  pages={2059},
  year={2019},
  publisher={MDPI}
}
@article{sharma2007input,
  title={Input--output and hybrid techniques for real-time prediction of delay and maximum queue length at signalized intersections},
  author={Sharma, Anuj and Bullock, Darcy M and Bonneson, James A},
  journal={Transportation Research Record},
  volume={2035},
  number={1},
  pages={69--80},
  year={2007},
  publisher={SAGE Publications Sage CA: Los Angeles, CA}
}
@article{an2018real,
  title={Real-time queue length estimation using event-based advance detector data},
  author={An, Chengchuan and Wu, Yao-Jan and Xia, Jingxin and Huang, Wei},
  journal={Journal of Intelligent Transportation Systems},
  volume={22},
  number={4},
  pages={277--290},
  year={2018},
  publisher={Taylor \& Francis}
}
@article{liu2009real,
  title={Real-time queue length estimation for congested signalized intersections},
  author={Liu, Henry X and Wu, Xinkai and Ma, Wenteng and Hu, Heng},
  journal={Transportation research part C: emerging technologies},
  volume={17},
  number={4},
  pages={412--427},
  year={2009},
  publisher={Elsevier}
}
@article{yao2019cycle,
  title={Cycle-based queue length estimation considering spillover conditions based on low-resolution point detector data},
  author={Yao, Jiarong and Tang, Keshuang},
  journal={Transportation research part C: emerging technologies},
  volume={109},
  pages={1--18},
  year={2019},
  publisher={Elsevier}
}
@article{cheng2012exploratory,
  title={An exploratory shockwave approach to estimating queue length using probe trajectories},
  author={Cheng, Yang and Qin, Xiao and Jin, Jing and Ran, Bin},
  journal={Journal of intelligent transportation systems},
  volume={16},
  number={1},
  pages={12--23},
  year={2012},
  publisher={Taylor \& Francis}
}
@article{ramezani2015queue,
  title={Queue profile estimation in congested urban networks with probe data},
  author={Ramezani, Mohsen and Geroliminis, Nikolas},
  journal={Computer-Aided Civil and Infrastructure Engineering},
  volume={30},
  number={6},
  pages={414--432},
  year={2015},
  publisher={Wiley Online Library}
}
@article{ban2011real,
  title={Real time queue length estimation for signalized intersections using travel times from mobile sensors},
  author={Ban, Xuegang Jeff and Hao, Peng and Sun, Zhanbo},
  journal={Transportation Research Part C: Emerging Technologies},
  volume={19},
  number={6},
  pages={1133--1156},
  year={2011},
  publisher={Elsevier}
}
@article{hao2015long,
  title={Long queue estimation for signalized intersections using mobile data},
  author={Hao, Peng and Ban, Xuegang},
  journal={Transportation Research Part B: Methodological},
  volume={82},
  pages={54--73},
  year={2015},
  publisher={Elsevier}
}
@article{wang2020queue,
  title={Queue profile estimation at a signalized intersection by exploiting the spatiotemporal propagation of shockwaves},
  author={Wang, Zhengli and Zhu, Liyun and Ran, Bin and Jiang, Hai},
  journal={Transportation research part B: methodological},
  volume={141},
  pages={59--71},
  year={2020},
  publisher={Elsevier}
}
@article{yang2018queue,
  title={Queue estimation in a connected vehicle environment: A convex approach},
  author={Yang, Kaidi and Menendez, Monica},
  journal={IEEE Transactions on Intelligent Transportation Systems},
  volume={20},
  number={7},
  pages={2480--2496},
  year={2018},
  publisher={IEEE}
}
@article{comert2013simple,
  title={Simple analytical models for estimating the queue lengths from probe vehicles at traffic signals},
  author={Comert, Gurcan},
  journal={Transportation Research Part B: Methodological},
  volume={55},
  pages={59--74},
  year={2013},
  publisher={Elsevier}
}
@article{comert2011analytical,
  title={Analytical evaluation of the error in queue length estimation at traffic signals from probe vehicle data},
  author={Comert, Gurcan and Cetin, Mecit},
  journal={IEEE Transactions on Intelligent Transportation Systems},
  volume={12},
  number={2},
  pages={563--573},
  year={2011},
  publisher={IEEE}
}
@article{comert2021queue,
  title={Queue length estimation from connected vehicles with range measurement sensors at traffic signals},
  author={Comert, Gurcan and Cetin, Mecit},
  journal={Applied Mathematical Modelling},
  volume={99},
  pages={418--434},
  year={2021},
  publisher={Elsevier}
}
@article{hao2014cycle,
  title={Cycle-by-cycle intersection queue length distribution estimation using sample travel times},
  author={Hao, Peng and Ban, Xuegang Jeff and Guo, Dong and Ji, Qiang},
  journal={Transportation research part B: methodological},
  volume={68},
  pages={185--204},
  year={2014},
  publisher={Elsevier}
}
@article{cheng2011cycle,
  title={Cycle-by-cycle queue length estimation for signalized intersections using sampled trajectory data},
  author={Cheng, Yang and Qin, Xiao and Jin, Jing and Ran, Bin and Anderson, Jason},
  journal={Transportation research record},
  volume={2257},
  number={1},
  pages={87--94},
  year={2011},
  publisher={SAGE Publications Sage CA: Los Angeles, CA}
}
@article{wang2015cycle,
  title={Cycle-by-cycle queue length estimation for signalized intersections using multi-source data},
  author={Wang, Zhongyu and Cai, Qing and Wu, Bing and Wang, Yinhai and Li, Linbo},
  journal={Journal of Harbin Institute of Technology (New Series)},
  volume={22},
  number={2},
  pages={86--93},
  year={2015}
}
@article{cai2014shock,
  title={Shock wave approach for estimating queue length at signalized intersections by fusing data from point and mobile sensors},
  author={Cai, Qing and Wang, Zhongyu and Zheng, Lingyu and Wu, Bing and Wang, Yinhai},
  journal={Transportation Research Record},
  volume={2422},
  number={1},
  pages={79--87},
  year={2014},
  publisher={SAGE Publications Sage CA: Los Angeles, CA}
}
@article{tan2020fuzing,
  title={Fuzing license plate recognition data and vehicle trajectory data for lane-based queue length estimation at signalized intersections},
  author={Tan, Chaopeng and Liu, Lei and Wu, Hao and Cao, Yumin and Tang, Keshuang},
  journal={Journal of Intelligent Transportation Systems},
  volume={24},
  number={5},
  pages={449--466},
  year={2020},
  publisher={Taylor \& Francis}
}
@article{lee2015real,
  title={Real-time estimation of lane-based queue lengths at isolated signalized junctions},
  author={Lee, Seunghyeon and Wong, SC and Li, YC},
  journal={Transportation Research Part C: Emerging Technologies},
  volume={56},
  pages={1--17},
  year={2015},
  publisher={Elsevier}
}
@article{vigos2008real,
  title={Real-time estimation of vehicle-count within signalized links},
  author={Vigos, Georgios and Papageorgiou, Markos and Wang, Yibing},
  journal={Transportation Research Part C: Emerging Technologies},
  volume={16},
  number={1},
  pages={18--35},
  year={2008},
  publisher={Elsevier}
}
@article{vigos2010simplified,
  title={A simplified estimation scheme for the number of vehicles in signalized links},
  author={Vigos, Georgios and Papageorgiou, Markos},
  journal={IEEE Transactions on intelligent transportation systems},
  volume={11},
  number={2},
  pages={312--321},
  year={2010},
  publisher={IEEE}
}
@article{wang2021kalman,
  title={Kalman filtering method for real-time queue length estimation in a connected vehicle environment},
  author={Wang, Yi and Yao, Zhihong and Cheng, Yang and Jiang, Yangsheng and Ran, Bin},
  journal={Transportation Research Record},
  volume={2675},
  number={10},
  pages={578--589},
  year={2021},
  publisher={SAGE Publications Sage CA: Los Angeles, CA}
}
@article{ferencz2023road,
  title={Road traffic queue length estimation with artificial intelligence (AI) methods},
  author={Ferencz, Csanad and Z{\"o}ldy, M{\'a}t{\'e}},
  journal={Cognitive Sustainability},
  volume={2},
  number={3},
  year={2023}
}
@phdthesis{aljamal2020real,
  title={Real-time estimation of traffic stream density using connected vehicle data},
  author={Aljamal, Mohammad Abdulraheem},
  year={2020},
  school={Virginia Tech}
}
@inproceedings{chu2005adaptive,
  title={Adaptive Kalman filter based freeway travel time estimation},
  author={Chu, Lianyu and Oh, S and Recker, Will},
  booktitle={84th TRB Annual Meeting, Washington DC},
  volume={656},
  year={2005}
}
@inproceedings{aljamal2019kalman,
  title={Kalman filter-based vehicle count estimation approach using probe data: A multi-lane road case study},
  author={Aljamal, Mohammad A and Abdelghaffar, Hossam M and Rakha, Hesham A},
  booktitle={2019 IEEE Intelligent Transportation Systems Conference (ITSC)},
  pages={4374--4379},
  year={2019},
  organization={IEEE}
}
@article{anand2014data,
  title={Data fusion-based traffic density estimation and prediction},
  author={Anand, Asha and Ramadurai, Gitakrishnan and Vanajakshi, Lelitha},
  journal={Journal of Intelligent Transportation Systems},
  volume={18},
  number={4},
  pages={367--378},
  year={2014},
  publisher={Taylor \& Francis}
}
@article{mimbela2007summary,
  title={Summary of vehicle detection and surveillance technologies used in intelligent transportation systems},
  author={Mimbela, Luz-Elena Y and Klein, Lawrence A and others},
  year={2007},
  publisher={United States. Joint Program Office for Intelligent Transportation Systems}
}
@misc{lee2012camera,
  title={Camera system for a vehicle and method for controlling a camera system},
  author={Lee, Jonathan and Hernandez, Marcial and Stoschek, Arne},
  year={2012},
  month=jul # "~10",
  publisher={Google Patents},
  note={US Patent 8,218,007}
}
@inproceedings{chen2011real,
  title={Real-time freeway traffic state prediction: A particle filter approach},
  author={Chen, Hao and Rakha, Hesham A and Sadek, Shereef},
  booktitle={2011 14th International IEEE Conference on Intelligent Transportation Systems (ITSC)},
  pages={626--631},
  year={2011},
  organization={IEEE}
}
@article{abewickrema2023multivariate,
  title={Multivariate time-varying Kalman filter approach for cycle-based maximum queue length estimation},
  author={Abewickrema, Wanuji and Yildirimoglu, Mehmet and Kim, Jiwon},
  journal={Transportation research part C: emerging technologies},
  volume={154},
  pages={104238},
  year={2023},
  publisher={Elsevier}
}
@inproceedings{peker2011particle,
  title={Particle filter vehicle localization and map-matching using map topology},
  author={Peker, Ali Ufuk and Tosun, Oguz and Acarman, Tankut},
  booktitle={2011 IEEE Intelligent Vehicles Symposium (IV)},
  pages={248--253},
  year={2011},
  organization={IEEE}
}
@article{wang2005real,
  title={Real-time freeway traffic state estimation based on extended Kalman filter: a general approach},
  author={Wang, Yibing and Papageorgiou, Markos},
  journal={Transportation Research Part B: Methodological},
  volume={39},
  number={2},
  pages={141--167},
  year={2005},
  publisher={Elsevier}
}
@article{mihaylova2007freeway,
  title={Freeway traffic estimation within particle filtering framework},
  author={Mihaylova, Lyudmila and Boel, Ren{\'e} and Hegyi, Andreas},
  journal={Automatica},
  volume={43},
  number={2},
  pages={290--300},
  year={2007},
  publisher={Elsevier}
}
@incollection{sau2007particle,
  title={Particle filter-based real-time estimation and prediction of traffic conditions},
  author={Sau, Jacques and El Faouzi, Nour-Eddin and Ben Aissa, Anis and de Mouzon, Olivier},
  booktitle={Recent advances in stochastic modeling and data analysis},
  pages={406--413},
  year={2007},
  publisher={World Scientific}
}
@inproceedings{work2008ensemble,
  title={An ensemble Kalman filtering approach to highway traffic estimation using GPS enabled mobile devices},
  author={Work, Daniel B and Tossavainen, Olli-Pekka and Blandin, S{\'e}bastien and Bayen, Alexandre M and Iwuchukwu, Tochukwu and Tracton, Kenneth},
  booktitle={2008 47th IEEE Conference on Decision and Control},
  pages={5062--5068},
  year={2008},
  organization={IEEE}
}
@techreport{cheng2006traffic,
  title={Traffic estimation based on particle filtering with stochastic state reconstruction using mobile network data},
  author={Cheng, Peng and Qiu, Zhijun and Ran, Bin},
  year={2006}
}
 @article{gates2007analysis,
  title={Analysis of driver behavior in dilemma zones at signalized intersections},
  author={Gates, Tim J and Noyce, David A and Laracuente, Luis and Nordheim, Erik V},
  journal={Transportation Research Record},
  volume={2030},
  number={1},
  pages={29--39},
  year={2007},
  publisher={SAGE Publications Sage CA: Los Angeles, CA}
}
 @book{ristic2003beyond,
  title={Beyond the Kalman filter: Particle filters for tracking applications},
  author={Ristic, Branko and Arulampalam, Sanjeev and Gordon, Neil},
  year={2003},
  publisher={Artech house}
}
 @article{myers1976adaptive,
  title={Adaptive sequential estimation with unknown noise statistics},
  author={Myers, Kenneth and Tapley, BD},
  journal={IEEE transactions on automatic control},
  volume={21},
  number={4},
  pages={520--523},
  year={1976},
  publisher={IEEE}
}
@article{ajitha2015real,
  title={Real-time traffic density estimation without reliable side road data},
  author={Ajitha, T and Vanajakshi, Lelitha and Subramanian, Shankar C},
  journal={Journal of Computing in Civil Engineering},
  volume={29},
  number={2},
  pages={04014033},
  year={2015},
  publisher={American Society of Civil Engineers}
}
@article{helbing2001traffic,
  title={Traffic and related self-driven many-particle systems},
  author={Helbing, Dirk},
  journal={Reviews of modern physics},
  volume={73},
  number={4},
  pages={1067},
  year={2001},
  publisher={APS}
}
@article{fang2019road,
  title={On-road vehicle tracking using part-based particle filter},
  author={Fang, Yongkun and Wang, Chao and Yao, Wen and Zhao, Xijun and Zhao, Huijing and Zha, Hongbin},
  journal={IEEE transactions on intelligent transportation systems},
  volume={20},
  number={12},
  pages={4538--4552},
  year={2019},
  publisher={IEEE}
}
@article{mihaylova2012parallelized,
  title={Parallelized particle and Gaussian sum particle filters for large-scale freeway traffic systems},
  author={Mihaylova, Lyudmila and Hegyi, Andreas and Gning, Amadou and Boel, Ren{\'e} K},
  journal={IEEE Transactions on Intelligent Transportation Systems},
  volume={13},
  number={1},
  pages={36--48},
  year={2012},
  publisher={IEEE}
}
@article{xie2018generic,
  title={A generic data assimilation framework for vehicle trajectory reconstruction on signalized urban arterials using particle filters},
  author={Xie, Xu and van Lint, Hans and Verbraeck, Alexander},
  journal={Transportation research part C: emerging technologies},
  volume={92},
  pages={364--391},
  year={2018},
  publisher={Elsevier}
}
@techreport{klein2006traffic,
  title={Traffic detector handbook: Volume I},
  author={Klein, Lawrence A and Mills, Milton K and Gibson, David RP and others},
  year={2006},
  institution={Turner-Fairbank Highway Research Center}
}
@article{treiber2013traffic,
  title={Traffic flow dynamics},
  author={Treiber, Martin and Kesting, Arne},
  journal={Traffic Flow Dynamics: Data, Models and Simulation, Springer-Verlag Berlin Heidelberg},
  pages={983--1000},
  year={2013},
  publisher={Springer}
}
@article{dabiri2020optimized,
  title={Optimized speed trajectories for cyclists, based on personal preferences and traffic light information-a stochastic dynamic programming approach},
  author={Dabiri, Azita and Hegyi, Andreas and Hoogendoorn, Serge},
  journal={IEEE Transactions on Intelligent Transportation Systems},
  volume={23},
  number={2},
  pages={777--793},
  year={2020},
  publisher={IEEE}
}
@article{treiber2000congested,
  title={Congested traffic states in empirical observations and microscopic simulations},
  author={Treiber, Martin and Hennecke, Ansgar and Helbing, Dirk},
  journal={Physical review E},
  volume={62},
  number={2},
  pages={1805},
  year={2000},
  publisher={APS}
}
@article{klein2024roadside,
  title={Roadside Sensors for Traffic Management},
  author={Klein, Lawrence A},
  journal={IEEE Intelligent Transportation Systems Magazine},
  year={2024},
  publisher={IEEE}
}
@article{wu2020real,
  title={Real-time queue length detection with roadside LiDAR data},
  author={Wu, Jianqing and Xu, Hao and Zhang, Yongsheng and Tian, Yuan and Song, Xiuguang},
  journal={Sensors},
  volume={20},
  number={8},
  pages={2342},
  year={2020},
  publisher={MDPI}
}
@book{bayen2010mobile,
  title={Mobile Century Final Report for TO 1021 and TO 1029: A Traffic Sensing Field Experiment Using GPS Mobile Phones},
  author={Bayen, Alexandre M},
  year={2010},
  publisher={California Center for Innovative Transportation, Institute of Transportation~…}
}
@techreport{turner1998travel,
  title={Travel time data collection handbook},
  author={Turner, Shawn M and Eisele, William L and Benz, Robert J and Holdener, Douglas J},
  year={1998},
  institution={United States. Federal Highway Administration}
}
@book{pack2021use,
  title={Use of Vehicle Probe and Cellular GPS Data by State Departments of Transportation},
  author={Pack, Michael L and Ivanov, Nikola},
  number={NCHRP Project 20-05, Topic 51-06},
  year={2021}
}
@techreport{singer2013travel,
  title={Travel time on arterials and rural highways: state-of-the-practice synthesis on arterial data collection technology},
  author={Singer, Jeremiah P and Robinson, A Emmanuel and Krueger, Jessica and Atkinson, Jennifer E and Myers, Matthew and others},
  year={2013},
  institution={United States. Federal Highway Administration}
}
@techreport{coifman2013assessing,
  title={Assessing the performance of the SpeedInfo sensor.},
  author={Coifman, Benjamin and Kim, Seoungbum and others},
  year={2013},
  institution={Ohio. Dept. of Transportation. Office of Statewide Planning and Research}
}
@techreport{mccracken2016assessment,
  title={Assessment of Insourcing/Outsourcing Practices for Traffic Monitoring Data Collection},
  author={McCracken, Hunter and Omay, Murat and Schroeder, Jeremy and Toth, Chris and others},
  year={2016},
  institution={United States. Federal Highway Administration. Office of Policy and~…}
}
@techreport{tsapakis2021independent,
  title={Independent Evaluation of a Probe-Based Method to Estimate Annual Average Daily Traffic Volume},
  author={Tsapakis, Ioannis and Turner, Shawn and Koeneman, Pete and Anderson, Paul R and others},
  year={2021},
  institution={United States. Department of Transportation. Federal Highway Administration~…}
}
@article{jain2019review,
  title={A review on traffic monitoring system techniques},
  author={Jain, Neeraj Kumar and Saini, RK and Mittal, Preeti},
  journal={Soft computing: Theories and applications: Proceedings of SoCTA 2017},
  pages={569--577},
  year={2019},
  publisher={Springer}
}
@techreport{middleton2000initial,
  title={Initial evaluation of selected detectors to replace inductive loops on freeways},
  author={Middleton, Dan and Parker, Rick and others},
  year={2000},
  institution={United States. Federal Highway Administration}
}
@techreport{minge2010evaluation,
  title={Evaluation of non-intrusive technologies for traffic detection},
  author={Minge, Erik and Kotzenmacher, Jerry and Peterson, Scott},
  year={2010},
  institution={Minnesota Department of Transportation, Research Services Section St. Paul~…}
}
@article{minge2011evaluation,
  title={Evaluation of nonintrusive technologies for traffic detection, phase 3},
  author={Minge, Erik and Petersen, Scott and Kotzenmacher, Jerry},
  journal={Transportation research record},
  volume={2256},
  number={1},
  pages={95--103},
  year={2011},
  publisher={SAGE Publications Sage CA: Los Angeles, CA}
}
@article{grone2012evaluation,
  title={An evaluation of non-intrusive traffic detectors at the NTC/NDOR detector test bed},
  author={Grone, Benjamin W},
  year={2012}
}
@book{klein2017its,
  title={ITS sensors and architectures for traffic management and connected vehicles},
  author={Klein, Lawrence A},
  year={2017},
  publisher={CRC Press}
}
@techreport{middleton2009alternative,
  title={Alternative vehicle detection technologies for traffic signal systems: technical report.},
  author={Middleton, Dan and Charara, Hassan and Longmire, Ryan and others},
  year={2009},
  institution={Texas Transportation Institute}
}
@techreport{middleton2002vehicle,
  title={Vehicle detector evaluation},
  author={Middleton, Dan and Parker, Ricky},
  year={2002},
  institution={Texas Transportation Institute, Texas A \& M University System College Station}
}
@article{yu2013performance,
  title={Performance and challenges in utilizing non-intrusive sensors for traffic data collection},
  author={Yu, Xin and Prevedouros, Panos D},
  year={2013},
  publisher={Scientific Research Publishing}
}
@phdthesis{mohammed2015evaluating,
  title={Evaluating the Accuracy of Speed and Volume Data Obtained via Traffic Detection and Monitoring Devices},
  author={Mohammed, Hemin Jalal Mohammed},
  year={2015},
  school={University of Kansas}
}
@online{Taylor2022,
    author = {M. Taylor},
    title = {Lidar Ped Zone Calibration and Visual Verification (UDOT project)},
    url = {https://www.youtube.com/watch?v=o0GmNgxIfbo&authuser=0},
    urldate = {2022-04-20},
    year = {2022}
}
@article{martin2020improving,
  title={Improving real-time position estimation using correlated noise models},
  author={Martin, Andrew and Parry, Matthew and Soundy, Andy WR and Panckhurst, Bradley J and Brown, Phillip and Molteno, Timothy CA and Schumayer, Daniel},
  journal={Sensors},
  volume={20},
  number={20},
  pages={5913},
  year={2020},
  publisher={MDPI}
}
@article{early2020smoothing,
  title={Smoothing and interpolating noisy GPS data with smoothing splines},
  author={Early, Jeffrey J and Sykulski, Adam M},
  journal={Journal of Atmospheric and Oceanic Technology},
  volume={37},
  number={3},
  pages={449--465},
  year={2020},
  publisher={American Meteorological Society}
}